<record><leader>00000cas a22000007a 4500</leader><controlfield tag="001">12635213</controlfield><controlfield tag="008">851004d19731977wiuwr ne      0    0eng d</controlfield><datafield ind1=" " ind2=" " tag="010"><subfield code="a">sn 85041206 </subfield></datafield><datafield ind1=" " ind2=" " tag="040"><subfield code="a">NPV</subfield><subfield code="b">eng</subfield><subfield code="c">NPV</subfield><subfield code="d">OCLCQ</subfield></datafield><datafield ind1=" " ind2=" " tag="042"><subfield code="a">msc</subfield></datafield><datafield ind1=" " ind2=" " tag="045"><subfield code="a">x7x7</subfield></datafield><datafield ind1=" " ind2=" " tag="052"><subfield code="a">4123</subfield><subfield code="b">R6</subfield></datafield><datafield ind1="0" ind2="0" tag="245"><subfield code="a">Evansville post, inc.</subfield></datafield><datafield ind1=" " ind2=" " tag="260"><subfield code="a">Evansville, Wis. :</subfield><subfield code="b">J.M. Barrows,</subfield><subfield code="c">1973-1977.</subfield></datafield><datafield ind1=" " ind2=" " tag="300"><subfield code="a">v. :</subfield><subfield code="b">ill.</subfield></datafield><datafield ind1=" " ind2=" " tag="310"><subfield code="a">Weekly</subfield></datafield><datafield ind1="0" ind2=" " tag="362"><subfield code="a">Vol. 1, no. 9 (May 24, 1973)-v. 5, no. 37 (Dec. 1, 1977).</subfield></datafield><datafield ind1=" " ind2=" " tag="500"><subfield code="a">Publisher varies.</subfield></datafield><datafield ind1=" " ind2=" " tag="500"><subfield code="a">Editors: C. Polich, Aug. 2, 1973-May 16, 1974; L. Farnsworth, May 23, 1974-April 17, 1975; C.A. Peterson, April 24, 1975-Sept. 8, 1977; M.L. Nelson, Sept. 15, 1977-Dec. 1, 1977.</subfield></datafield><datafield ind1=" " ind2=" " tag="530"><subfield code="a">Available on microfilm from the State Historical Society of Wisconsin.</subfield></datafield><datafield ind1=" " ind2=" " tag="752"><subfield code="a">United States</subfield><subfield code="b">Wisconsin</subfield><subfield code="c">Rock</subfield><subfield code="d">Evansville.</subfield></datafield><datafield ind1="0" ind2="0" tag="780"><subfield code="t">Evansville post (Evansville, Wis. : 1973)</subfield><subfield code="w">(DLC)sn 85041205</subfield></datafield><datafield ind1="0" ind2="0" tag="785"><subfield code="t">Evansville post (Evansville, Wis. : 1977)</subfield><subfield code="w">(DLC)sn 85041207</subfield></datafield><datafield ind1="1" ind2=" " tag="029"><subfield code="a">AU@</subfield><subfield code="b">000025811302</subfield></datafield></record>